@book{ven:engaged-scholarship:2007,
  title={Engaged scholarship: a guide for organizational and social research: a guide for organizational and social research},
  author={Van de Ven, Andrew H},
  year={2007},
  publisher={OUP Oxford}
}

@article{march:research-on-it:1995,
 author = {March, Salvatore T. and Smith, Gerald F.},
 title = {Design and Natural Science Research on Information Technology},
 journal = {Decis. Support Syst.},
 issue_date = {Dec. 1995},
 volume = {15},
 number = {4},
 month = dec,
 year = {1995},
 issn = {0167-9236},
 pages = {251--266},
 numpages = {16},
 url = {http://dx.doi.org/10.1016/0167-9236(94)00041-2},
 doi = {10.1016/0167-9236(94)00041-2},
 acmid = {222832},
 publisher = {Elsevier Science Publishers B. V.},
 address = {Amsterdam, The Netherlands, The Netherlands},
 keywords = {design science, information system research, information technology, natural science},
} 

@article{hevner:dsr:2004,
 author = {Hevner, Alan R. and March, Salvatore T. and Park, Jinsoo and Ram, Sudha},
 title = {Design Science in Information Systems Research},
 journal = {MIS Q.},
 issue_date = {March 2004},
 volume = {28},
 number = {1},
 month = mar,
 year = {2004},
 issn = {0276-7783},
 pages = {75--105},
 numpages = {31},
 url = {http://dl.acm.org/citation.cfm?id=2017212.2017217},
 acmid = {2017217},
 publisher = {Society for Information Management and The Management Information Systems Research Center},
 address = {Minneapolis, MN, USA},
 keywords = {business environment, creativity, design artifact, design science, experimental methods, information systems research methodologies, search strategies, technology infrastructure},
} 

@INPROCEEDINGS{lwakatare:devops-embedded:2016,
  author={Lwakatare, L. E. and Karvonen, T. and Sauvola, T. and Kuvaja, P. and Olsson, H. H. and Bosch, J. and Oivo, M.},
  booktitle={2016 49th Hawaii International Conference on System Sciences (HICSS)},
  title={Towards DevOps in the Embedded Systems Domain: Why is It So Hard?},
  year={2016},
  pages={5437-5446},
  keywords={Collaboration;Companies;Embedded systems;Interviews;Production;Software as a service;DevOps;continuous deployment;embedded systems},
  doi={10.1109/HICSS.2016.671},
  ISSN={1530-1605},
  month={Jan},
}

@ARTICLE{brewer:cap:2012,
  author={Brewer, E.},
  journal={Computer},
  title={CAP twelve years later: How the "rules" have changed},
  year={2012},
  volume={45},
  number={2},
  pages={23-29},
  keywords={theorem proving;CAP theorem;Software Engineering Radio;Web extra;consistency-availability-partition tolerance theorem;networked shared-data system;partition handling;Cloud computing;Data processing;Distributed databases;Relational databases;ACID;BASE;CAP theorem;cloud computing},
  doi={10.1109/MC.2012.37},
  ISSN={0018-9162},
  month={Feb},
}

@INPROCEEDINGS{addo:automatic-failover:2014,
  author={Addo, I. D. and Ahamed, S. I. and Chu, W. C.},
  booktitle={Trustworthy Systems and their Applications (TSA), 2014 International Conference on},
  title={A Reference Architecture for High-Availability Automatic Failover between PaaS Cloud Providers},
  year={2014},
  pages={14-21},
  keywords={cloud computing;software architecture;Azure cloud;Google App Engine cloud solution;PaaS cloud provider;cloud computing;cloud reference architecture;disaster recovery;high-availability automatic failover;mission-critical application prototype;platform-as-a-service;Availability;Cloud computing;Computer architecture;Degradation;Google;Mission critical systems;Monitoring},
  doi={10.1109/TSA.2014.12},
  month={June},
}

@ARTICLE{hole:building-trust:2016,
  author={Hole, K. J.},
  journal={Computer},
  title={Building Trust in E-Government Services},
  year={2016},
  volume={49},
  number={1},
  pages={66-74},
  keywords={government data processing;human factors;cloud-based services;distrust mitigation;e-government services;user intent;user-focused development;Cloud cmputing;Electronic government;Iterative methods;Trust management;User centered design;Altinn;Norwegian government systems;cloud-based services;e-government infrastructure;e-government services;government e-platforms;information infrastructure;iterative system design;trust models;user-oriented design},
  doi={10.1109/MC.2016.4},
  ISSN={0018-9162},
  month={Jan},
}

@INPROCEEDINGS{bethea:automated-discovery:2008,
  author={Bethea, W. and Cole, R. and Harshavardhana, P.},
  booktitle={Military Communications Conference, 2008. MILCOM 2008. IEEE},
  title={Automated discovery of information services in heterogeneous distributed networks},
  year={2008},
  pages={1-6},
  keywords={Internet telephony;information services;military communication;military computing;ontologies (artificial intelligence);software architecture;video communication;GIG;Global Information Grid;VoIP;end-to-end services;heterogeneous distributed networks;information services;ontology;semantic reasoning;service capability domains;service level agreements;service location protocol;service oriented architecture;video delivery;voice over IP;Automation;Availability;Internet telephony;Laboratories;Ontologies;Physics;Real time systems;Routing;Streaming media;Table lookup},
  doi={10.1109/MILCOM.2008.4753375},
  month={Nov},
}

@ARTICLE{paliwal:semantics-based-discovery:2012,
  author={Paliwal, A. V. and Shafiq, B. and Vaidya, J. and Xiong, H. and Adam, N.},
  journal={IEEE Transactions on Services Computing},
  title={Semantics-Based Automated Service Discovery},
  year={2012},
  volume={5},
  number={2},
  pages={260-275},
  keywords={Web services;XML;indexing;ontologies (artificial intelligence);pattern classification;pattern clustering;LSI;UDDI;Web services classification;clustering;functional level service categorization;latent semantic indexing;nonexplicit service description semantics;ontology framework;semantic-based service categorization;semantics-based automated Web service discovery;service functionality;service request semantic enhancement;universal description discovery and integration;Cities and towns;Itemsets;Large scale integration;Meteorology;Ontologies;Semantics;Web services;Web services publishing;services discovery process and methodology.;web services discovery},
  doi={10.1109/TSC.2011.19},
  ISSN={1939-1374},
  month={April},
}

@Inbook{arnold:pattern-based-soa:2007,
  author="Arnold, William
  and Eilam, Tamar
  and Kalantar, Michael
  and Konstantinou, Alexander V.
  and Totok, Alexander A.",
  editor="Kr{\"a}mer, Bernd J.
  and Lin, Kwei-Jay
  and Narasimhan, Priya",
  chapter="Pattern Based SOA Deployment",
  title="Service-Oriented Computing -- ICSOC 2007: Fifth International Conference, Vienna, Austria, September 17-20, 2007. Proceedings",
  year="2007",
  publisher="Springer Berlin Heidelberg",
  address="Berlin, Heidelberg",
  pages="1--12",
  isbn="978-3-540-74974-5",
  doi="10.1007/978-3-540-74974-5_1",
  url="http://dx.doi.org/10.1007/978-3-540-74974-5_1"
}

@INPROCEEDINGS{wahaballa:unified:2015,
  author={Wahaballa, A. and Wahballa, O. and Abdellatief, M. and Xiong, Hu and Qin, Zhiguang},
  booktitle={Software Engineering and Service Science (ICSESS), 2015 6th IEEE International Conference on},
  title={Toward unified DevOps model},
  year={2015},
  pages={211-214},
  keywords={DP industry;software engineering;standardisation;DevOps community;UDOM model;software deployment;standardization;unified DevOps model;workflow execution model;Collaboration;Data models;Industries;Organizations;Software;Terminology;Testing;DevOps;Unified DevOps Model (UDOM);conceptual deficit},
  doi={10.1109/ICSESS.2015.7339039},
  ISSN={2327-0586},
  month={Sept},
}

@INPROCEEDINGS{wettinger:devops-for-cloud:2015,
  author={Wettinger, J. and Andrikopoulos, V. and Leymann, F.},
  booktitle={Cloud Engineering (IC2E), 2015 IEEE International Conference on},
  title={Automated Capturing and Systematic Usage of DevOps Knowledge for Cloud Applications},
  year={2015},
  pages={60-65},
  keywords={application program interfaces;cloud computing;API;DevOps knowledge;automated capturing;cloud applications;cloud computing;cloud services;end-to-end automation;knowledge base systems;software deployment process;software management process;systematic usage;virtual servers;Collaboration;Databases;Engines;Google;Knowledge engineering;Middleware;Servers;Cloud Computing;Crawling;DevOps;Knowledge Management;Knowledge Model},
  doi={10.1109/IC2E.2015.23},
  month={March},
}

@ARTICLE{chen:continuous-delivery:2015,
  author={Chen, L.},
  journal={IEEE Software},
  title={Continuous Delivery: Huge Benefits, but Challenges Too},
  year={2015},
  volume={32},
  number={2},
  pages={50-54},
  keywords={research and development;software development management;CD capability;Paddy Power;continuous delivery;release engineering;research agendas;valuable software;Companies;Context modeling;Continuous production;Pipelines;Software development;Software engineering;Testing;DevOps;continuous delivery;continuous software engineering;release engineering;software deployment;software engineering},
  doi={10.1109/MS.2015.27},
  ISSN={0740-7459},
  month={Mar},
}

@ARTICLE{feitelson:at-facebook:2013,
  author={Feitelson, D. G. and Frachtenberg, E. and Beck, K. L.},
  journal={IEEE Internet Computing},
  title={Development and Deployment at Facebook},
  year={2013},
  volume={17},
  number={4},
  pages={8-17},
  keywords={Internet;social networking (online);Facebook deployment;Facebook development;Internet companies;Website;extensive automated testing;peer review;perpetual development mindset;personal responsibility;technical approach;Companies;Facebook;Internet;Marketing and sales;Software;Software development;Web and internet services;Web sites;devops;perpetual development;web development},
  doi={10.1109/MIC.2013.25},
  ISSN={1089-7801},
  month={July},
}

@INPROCEEDINGS{bruneo:cloudwave:2014,
  author={Bruneo, D. and Fritz, T. and Keidar-Barner, S. and Leitner, P. and Longo, F. and Marquezan, C. and Metzger, A. and Pohl, K. and Puliafito, A. and Raz, D. and Roth, A. and Salant, E. and Segall, I. and Villari, M. and Wolfsthal, Y. and Woods, C.},
  booktitle={Computers and Communication (ISCC), 2014 IEEE Symposium on},
  title={CloudWave: Where adaptive cloud management meets DevOps},
  year={2014},
  volume={Workshops},
  pages={1-6},
  keywords={cloud computing;data structures;feedback;software prototyping;CloudWave;DevOps;adaptive cloud management;agile environment;application development cycle;cloud based services;cloud computing;coordinated adaption;ecosystem;execution analytics cloud infrastructure;feedback driven development standard development kit;online data abstraction;programmable monitoring;runtime behavior;software engineering practice;Cloud computing;Monitoring;Real-time systems;Software reliability;Technological innovation;Cloud Computing;Coordinated Adaptation;DevOps;Feedback Driven Development},
  doi={10.1109/ISCC.2014.6912638},
  month={June},
}

@INPROCEEDINGS{chen:architecting-for-cd:2015,
  author={Chen, L.},
  booktitle={Software Architecture (WICSA), 2015 12th Working IEEE/IFIP Conference on},
  title={Towards Architecting for Continuous Delivery},
  year={2015},
  pages={131-134},
  keywords={software architecture;CD;auspicious software development discipline;continuous delivery;software architecture;Companies;Computer architecture;Context;Monitoring;Pipelines;Software;Software reliability;DevOps;architecturally significant requirements;continuous delivery;continuous deployment;continuous software engineering;non-functional requirements;quality attributes;software architecture},
  doi={10.1109/WICSA.2015.23},
  month={May},
}

@INPROCEEDINGS{castro:evaluating:2015,
  author={Villamizar, M. and Garces, O. and Castro, H. and Verano, M. and Salamanca, L. and Casallas, R. and Gil, S.},
  booktitle={Computing Colombian Conference (10CCC), 2015 10th},
  title={Evaluating the monolithic and the microservice architecture pattern to deploy web applications in the cloud},
  year={2015},
  pages={583-590},
  keywords={cloud computing;software architecture;Internet companies;Play Web framework;Web applications;cloud computing;enterprise applications;microservice architecture pattern;monolithic architecture pattern;Cloud computing;Companies;Complexity theory;Computer architecture;Service-oriented architecture;IaaS;PaaS;SOA;cloud computing;continuous delivery;infrastructure as a services;microservice architecture;microservices;platform as a service;scalable applications;service oriented architectures;software architecture;software engineering},
  doi={10.1109/ColumbianCC.2015.7333476},
  month={Sept},
}

@ARTICLE{spinellis:by-hand:2012,
  author={Spinellis, D.},
  journal={IEEE Software},
  title={Don't Install Software by Hand},
  year={2012},
  volume={29},
  number={4},
  pages={86-87},
  keywords={CFEngine;Chef;DevOps;IT-system configuration management;Puppet;infrastructure as code},
  doi={10.1109/MS.2012.85},
  ISSN={0740-7459},
  month={July},
}

@ARTICLE{talwar:approaches-for-service-deployment:2005,
  author={Talwar, V. and Milojicic, D. and Wu, Qinyi and Pu, C. and Yan, W. and Jung, G. P.},
  journal={IEEE Internet Computing},
  title={Approaches for service deployment},
  year={2005},
  volume={9},
  number={2},
  pages={70-80},
  keywords={Internet;automation;object-oriented programming;IT service-deployment technology;configuration file;emerging language;erroneous system configuration;model-based tool;script;service-oriented computing;Application software;Automation;Concrete;Costs;Grid computing;Large-scale systems;Operating systems;Packaging;Transaction databases;Web server;SOC;configuration files;script files;service-oriented computing},
  doi={10.1109/MIC.2005.32},
  ISSN={1089-7801},
  month={March},
}

@INPROCEEDINGS{talwar:comparison-of-approaches-to-service-deployment:2005,
    author={Talwar, V. and Wu, Qinyi and Pu, C. and Yan, Wenchang and Jung, Gueyoung and Milojicic, D.},
    booktitle={Distributed Computing Systems, 2005. ICDCS 2005. Proceedings. 25th IEEE International Conference on},
    title={Comparison of Approaches to Service Deployment},
    year={2005},
    pages={543-552},
    keywords={DP management;grid computing;information technology;management of change;programming languages;utility programs;PlanetLab;Radio;SmartFrog;change susceptibility;computer system administration;data center;grid computing model;information technology complexity;interdependence;language-based tool;model-based tool;script-based solution;service deployment;software installation;utility computing model;Application software;Automation;Data processing;Fabrics;Grid computing;Large-scale systems;Operating systems;Thumb;Transaction databases;Web server},
    doi={10.1109/ICDCS.2005.18},
    ISSN={1063-6927},
    month={June},
}

@article{suresshrini,
    author      = {Sureshchandra, Kalpana and Shrinivasavadhani, Jagadish},
    title       = {Adopting Agile in Distributed Development},
    journaltitle = {Global Software Engineering, 2008. ICGSE 2008. IEEE International Conference on},
    date        = 2008,
    pages       = {217--221},
}

@article{lyon:scaling,
    author      = {Lyon, Richard and Evans, Marcus},
    title       = {Scaling Up - pushing Scrum out of its Comfort Zone},
    journaltitle = {Agile, 2008. AGILE '08. Conference},
    date        = 2008,
    pages       = {395--400},
}

@article{maranzato:megaframework,
    author      = {Maranzato, Rafael P. and Neubert, Marden and Herculano, Paula},
    title       = {Scaling Scrum Step by Step: "The Mega Framework"},
    journaltitle = {Agile Conference (AGILE), 2012},
    date        = 2012,
    pages       = {79--85},
}

@article{nhn:agileadoption,
    author      = {Kim, Eunha and Ryoo, Seokmoon},
    title       = {Agile Adoption Story from NHN},
    journaltitle = {Computer Software and Applications Conference (COMPSAC), 2012 IEEE 36th Annual},
    date        = 2012,
    pages       = {476--481},
}

@article{sutling:taxonomy,
    author      = {Sutling, Kamalrufadillah and Mansor, Zulkefli and Widyarto, Setyawan and Letchmunan, Sukumar and Arshad, Noor Bahibah},
    title       = {Agile Project Manager Behavior : The Taxonomy},
    journaltitle = {Software Engineering Conference (MySEC), 2014 8th Malaysian},
    date        = 2014,
    pages       = {234--239},
}

@article{fernandez:agilevstraditional,
    author      = {Fernandez, Daniel J. and Fernandez, John D.},
    title       = {Agile Project Management - Agilism Versus Traditional Approaches},
    journaltitle = {The Journal of Computer Information Systems},
    volume      = 2,
    date        = 2009,
    pages       = {10--17},
}

@article{yi:managerasscrummaster,
    author      = {Yi, Lv},
    title       = {Manager as Scrum master},
    journaltitle = {Agile Conference (AGILE), 2011},
    date        = 2011,
    pages       = {151--153},
}

@article{weiser:the-computer-for-the-21st-century:1991,
    author      = {Weiser, Mark},
    title       = {The Computer for the 21st Century},
    date        = 1991,
    journaltitle = {Scientific American},
    pages       = {94--104},
}

@article{xu-he-li:internet-of-things-in-industries-a-survey:2014,
    author      = {Xu, Li Da and He, Wu and Li, Shancang},
    title       = {Internet of Things in Industries: A Survey},
    journaltitle = {IEEE Transactions on Industrial Informatics},
    date        = 2014,
    pages       = {2233--2243},
}

@article{palattella-accettura-vilajosana-watteyne-gieco-boggia-dohler:standardized-protocol-stack-for-the-internet-of-important-things:2012,
    author      = {Palattella, Maria Rita and Accettura, Nicola and Vilajosana, Xavier and Watteyne, Thomas and Grieco, Luigi Alfredo and Boggia, Gennaro and Dohler, Mischa},
    title       = {Standardized Protocol Stack For The Internet Of (Important) Things},
    date        = 2013,
    journaltitle = {IEEE Communications Surveys \& Tutorials},
    volume      = 15,
    issue       = 3,
    pages       = {1389--1406},
}

@article{paganelli-turchi-guili:a-web-of-things-framework-for-restful-applications-and-its-experimentation-in-a-smart-city:2014,
    author      = {Paganelli, Federica and Turchi, Stefano and Giuli, Dino},
    title       = {A Web of Things Framework for RESTful Applications and Its Experimentation in a Smart City},
    date        = 2014,
    journaltitle = {IEEE Systems Journal},
    volume      = PP,
    issue       = 99,
    pages       = {1--12},
}

@article{norman:natural-user-interfaces-are-not-natural:2010,
    author      = {Norman, Donald A.},
    title       = {Natural user interfaces are not natural},
    date        = 2010,
    journaltitle = {Interactions},
    volume      = 17,
    issue       = 3,
    pages       = {6--10},
}

@article{ishii-ullmer:tangible-bits-towards-seamless-interfaces-between-people-bits-and-atoms:1997,
    author      = {Ishii, Hiroshi and Ullmer, Brygg},
    title       = {Tangible bits: towards seamless interfaces between people, bits and atoms},
    date        = 1997,
    journaltitle = {Proceedings of the ACM SIGCHI Conference on Human factors in computing systems},
    pages       = {411--415},
}

@article{wilson-rutherford:mental-models-theory-and-application-in-human-factors:1989,
    author      = {Wilson, John R. and Rutherford, Andrew},
    title       = {Mental Models: Theory and Application in Human Factors},
    date        = 1989,
    journaltitle = {Human Factors: The Journal of the Human Factors and Ergonomics Society},
    volume      = 31,
    issue       = 6,
    pages       = {617--634},
}

@article{mackenzie:motor-behaviour-models-for-human-computer-interaction:2003,
    author      = {MacKenzie, I. Scott},
    date        = 2003,
    title       = {Motor Behaviour Models for Human-Computer Interaction in J. M. Carroll (Ed.), HCI models, theories, and frameworks: Toward a multidisciplinary science},
}

@article{kotter:leading-change-why-transformation-efforts-fail:1995,
    author      = {Kotter, John P.},
    title       = {Leading change: why transformation efforts fail},
    journaltitle = {Harvard Business Review},
    date        = 1995,
    pages       = {59--67},
}

@article{joseph-ang-chang-slaughter:practical-intelligence-in-it:2010,
    author      = {Joseph, Damien and Ang, Soon and Chang, Roger H. L. and Slaughter, Sandra A.},
    title       = {Practical intelligence in IT: assessing soft skills of IT professionals},
    journaltitle = {Communications of the ACM},
    date        = 2010,
    volume      = 53,
    issue       = 2,
    pages       = {149--154},
}

@article{pettigrew-woodman-cameron:studying-organizational-change-and-development:2001,
    author      = {Pettigrew, Andrew M. and Woodman, Richard W. and Cameron, Kim S.},
    title       = {Studying Organizational Change and Development: Challenges for Future Research},
    date        = 2001,
    journaltitle = {Academy of Management Journal},
    volume      = 44,
    issue       = 4,
    pages       = {697--713},
}

@article{peng-liu-tao:analyzing-the-pathway-of-organizational-change-based-on-the-environmental-complexity,
    author      = {Peng, Ying and Liu, Hong and Tao, Houyong},
    title       = {Analyzing the Pathway of Organizational Change Based on the Environmental Complexity},
    date        = 2009,
    journaltitle = {2009 International Conference on Electronic Commerce and Business Intelligence},
    pages       = {463--466},
}

@article{lin-wei:the-role-of-business-ethics-in-merger-and-acquisition-success:2006,
    author      = {Yeh-Yin Lin, Carol and Wei, Yu-Chen},
    title       = {The Role of Business Ethics in Merger and Acquisition Success: An Empirical Study},
    date        = 2006,
    journaltitle = {Journal of Business Ethics},
    volume      = 69,
    issue       = 1,
    pages       = {95--109},
}

@article{mcgee:some-overlooked-ethical-issues-in-acquisitions-and-mergers:2004,
    author      = {Mcgee, Robert W.},
    title       = {Some Overlooked Ethical Issues in Acquisitions and Mergers},
    date        = 2004,
    journaltitle = {SSRN Electronic Journal},
    pages       = {95--109},
}

@article{dsaas,
    author      = {Lehmann, Martin and Biorn-Hansen, Andreas and Gronli, Tor-Morten and Ghinea, Gheorghita and Younas, Muhammad},
    title       = {Data Analysis as a Service: An Infrastructure for Storing and Analyzing the Internet of Things},
    date        = 2015,
    journaltitle = {Mobile Web and Intelligent Information Systems},
    pages       = {161--169},
}

@article{wettinger,
    author      = {Wettinger, J. and Breitenbucher, U. and Leymann, F.},
    title       = {Standards-Based DevOps Automation and Integration using TOSCA},
    date        = 2014,
    journaltitle = {Utility and Cloud Computing (UCC), 2014 IEEE/ACM 7th International Conference on},
    pages       = {59--68},
}

@article{virmani:2015,
    author      = {Virmani, M.},
    title       = {Understanding DevOps \& bridging the gap from continuous integration to continuous delivery},
    date        = 2015,
    journaltitle = {Innovative Computing Technology (INTECH), 2015 Fifth International Conference on},
    pages       = {78--82},
}

@article{stolberg,
    author      = {Stolberg, S.},
    title       = {Enabling Agile Testing through Continuous Integration},
    date        = 2009,
    journaltitle = {Agile Conference, 2009. AGILE '09.},
    pages       = {369--374},
}

@article{lu:2014,
    author      = {Lu, Jixiang and Yang, Zhihong and Qian, Junxia},
    title       = {Implementation of continuous integration and automated testing in software development of smart grid scheduling support system},
    date        = 2014,
    journaltitle = {Power System Technology (POWERCON), 2014 International Conference on},
    pages       = {2441--2446},
}

@article{kim:2015,
    author      = {Kim, Juhoon and Meirosu, C. and Papafili, I. and Steinert, R. and Sharma, S. and Westphal, F.-J. and Kind, M. and Shukla, A. and Nemeth, F. and Manzalini, A.},
    title       = {Service provider DevOps for large scale modern network services},
    date        = 2015,
    journaltitle = {Integrated Network Management (IM), 2015 IFIP/IEEE International Symposium on},
    pages       = {1391--1397},
}

@article{savchenko:2015,
    author      = {Savchenko, D. I. and Radchenko, G. I. and Taipale, O.},
    title       = {Microservices validation: Mjolnirr platform case study},
    date        = 2015,
    journaltitle = {Information and Communication Technology, Electronics and Microelectronics (MIPRO), 2015 38th International Convention on},
    pages       = {235--240},
}

@article{sheikh:2011,
    author      = {Maher A. Al Sheikh and Hatim A. Aboalsamh and Ahmed Alharrak},
    title       = {Migration of Legacy Applications and Services to Service-Oriented Architecture (SOA)},
    journaltitle = {Current Trends in Information Technology (CTIT), 2011 International Conference and Workshop on},
    pages       = {137--142},
}

@article{le:2015,
    author = {Le, V. D. and Neff, M. M. and Steward, R. V. and Kelley, R. and Fritzinger, E. and Dascalu, S.M. and Harris, F.C.},
    title = {Microservice-based architecture for the NRDC},
    date    = 2015,
    journaltitle = {Industrial Informatics (INDIN), 2015 IEEE 13th International Conference on},
    pages = {1659--1664},
}

@book{armour:laws:2007,
  author = {Armour, Phillip G.},
  title = {The Laws of Software Process: A New Model for the Production and Management of Software},
  edition = {Kindle},
  date = 2004,
  publisher = {Auerbach Publications},
  TODOlocation = {},
}


@book{vaishnavi:2015,
  author = {Vaishnavi, Vijay K. and Kuechler Jr., William},
  title = {Design Science Research Methods and Patterns: Innovating Information and Communication Technology},
  edition = 2,
  date = 2015,
  publisher = {CRC Press},
  location = {Florida, the United States},
}

@book{continuous-delivery,
  author = {Humble, Jez and Farley, David},
  title = {Continuous Delivery: Reliable Software Releases through Build, Test, and Deployment Automation},
  date = 2010,
  publisher = {Addison-Wesley Professional},
  location = {Indiana, the United States},
}

@book{yin:2014,
  author = {Yin, Robert K.},
  title = {Case study research: design and methods},
  edition = 5,
  date = 2014,
  publisher = {SAGE Publications, Inc.},
  location = {The United States of America},
}

@book{cadle-yeates:project-management-for-information-systems:2008,
  author = {Cadle, James and Yeates, Donald},
  title = {Project Management for Information Systems},
  edition = 5,
  date = 2008,
  publisher = {Pearson Education Limited},
  location = {Essex CM20 2JE, England},
}

@book{oates:2006,
  author = {Oates, Briony J.},
  title = {Researching Information Systems and Computing},
  edition = 1,
  date = 2006,
  publisher = {SAGE Publications Ltd},
  location = {London, Great Britain},
}

@book{oates:resarching-information-systems-and-computing:2006,
  author = {Oates, Briony J.},
  title = {Researching Information Systems and Computing},
  edition = 1,
  date = 2006,
  publisher = {SAGE Publications Ltd},
  location = {London, Great Britain},
}

@book{ware:information-visualization,
    author      = {Ware, Colin},
    title       = {Information Visualization, Third Edition: Perception for Design (Interactive Technologies)},
    edition     = 3,
    date        = 2013,
    publisher   = {Morgan Kaufmann},
    location    = {Waltham},
}

@book{newman:building-microservices:2015,
    author      = {Newman, Sam},
    title       = {Building Microservices: Designing Fine-Grained Systems},
    date        = 2015,
    publisher   = {O'Reilly Media},
    location    = {California},
}

@book{bass-clements-kazman:software-architecture-in-practice:2013,
    author      = {Bass, Len and Clements, Paul and Kazman, Rick},
    title       = {Software Architecture In Practice},
    edition     = 3,
    date        = 2012,
    publisher   = {Pearson Education},
    location    = {Westford, Massachusetts},
}


@book{schwaber:scrum,
    author      = {Schwaber, Ken},
    title       = {Agile Project Management With Scrum},
    date        = 2004,
    publisher   = {Microsoft Press},
    location    = {Redmond, Washington},
}

@book{beck:extreme,
    author      = {Beck, Kent and Andres, Cynthia},
    title       = {Extreme Programming Explained: Embrace Change},
    edition     = 2,
    date        = 2005,
    series      = {The XP Series},
    publisher   = {Addison-Wesley},
    location    = {Boston},
}

@book{cohn:agile,
    author      = {Cohn, Mike},
    title       = {Agile Estimating and Planning},
    date        = 2006,
    series      = {Robert C. Martin Series},
    publisher   = {Pearson Education, Inc.},
    location    = {Westford, Massachusetts},
}

@book{warstory,
    author      = {Kniberg, Henrik},
    title       = {Scrum and XP from the Trenches: How we do Scrum},
    date        = 2007,
    series      = {InfoQ Enterprise Software Development},
    publisher   = {C4Media},
    location    = {The United States of America},
}

@book{scrumprimer,
    author      = {Deemer, Pete and Benefield, Gabrielle and Larman, Craig and Vodde, Bas},
    title       = {The Scrum Primer: A Lightweight Guide To The Theory and Practice of Scrum},
    date        = 2012,
    publisher   = {InfoQ},
    location    = {http://scrumprimer.org},
}

@book{uckelmann-harrison-michahelles:architecting-the-internet-of-things:2011,
    author      = {Uckelmann, Dieter and Harrison, Mark and Michahelles, Florian},
    title       = {Architecting the Internet of Things},
    date        = 2011,
    publisher   = {Springer},
    location    = {New York},
}

@book{wigdow-wixon:brave-nui-world:2011,
    author      = {Wigdor, Daniel and Wixon, Dennis},
    title       = {Brave NUI World: Designing Natural User Interfaces for Touch and Gesture},
    date        = 2011,
    publisher   = {Morgan Kaufmann Publishers},
    location    = {USA},
}

@book{hargie:skilled-interpersonal-communication-research-theory-and-practice:2011,
    author      = {Hargie, Owen},
    title       = {Skilled Interpersonal Communication: Research, Theory and Practice},
    edition     = 5,
    date        = 2011,
    publisher   = {Routledge},
    location    = {UK},
}

@book{luftman:managing-the-information-technology-resource:2009,
    author      = {Luftman, Jerry},
    title       = {Managing the Information Technology Resource},
    edition     = {2nd ed. (Kindle)},
    date        = 2009,
    publisher   = {Self},
}

@book{o-mahoney-markham:management-consultancy:2013,
    author      = {O'Mahoney, Joe and Markham, Calvert},
    title       = {Management Consultancy},
    edition     = 2,
    date        = 2013,
    publisher   = {Oxford University Press},
    location    = {USA},
}

@book{evans-fowler:domain-driven-design:2003,
    author      = {Evans, Eric and Fowler, Martin},
    title       = {Domain-Driven Design},
    date        = 2003,
    publisher   = {Prentice Hall},
    location    = {USA},
}

@online{agilemanifesto,
    author      = {Beck, Kent and Beedle, Mike and van Bennekum, Arie and Cockburn, Alistair and Cunningham, Ward and Fowler, Martin and Grenning, James and Highsmith, Jim and Hunt, Andrew and Jeffries, Ron and Kern, Jon and Marick, Brian and Martin, Robert C. and Mellor, Steve and Schwaber, Ken and Sutherland, Jeff and Thomas, Dave},
    title       = {Manifesto for Agile Software Development},
    year        = 2001,
    url         = {http://www.agilemanifesto.org},
    urldate     = {2015-03-02},
}

@online{hbr:incompleteleader,
    author      = {Ancona, Deborah and Malone, Thomas W. and Orlikowski, Wanda J. and Senge, Peter M.},
    title       = {In Praise of the Incomplete Leader},
    year        = 2007,
    month       = 2,
    url         = {https://hbr.org/2007/02/in-praise-of-the-incomplete-leader},
    urldate     = {2015-03-05},
}

@online{pmbok,
    author      = {Project Management Institute, PMI},
    title       = {Store > Agile},
    year        = {2015},
    url         = {http://marketplace.pmi.org/Pages/default.aspx?Category=Agile},
    urldate     = {2015-03-05},
}

@online{ietf:the-constrained-application-protocol:2014,
    author      = {Shelby, Zach and Hartke, Klaus and Bormann, Carsten},
    title       = {The Constrained Application Protocol (CoAP)},
    year        = 2014,
    url         = {https://tools.ietf.org/html/rfc7252},
    urldate     = {2015-04-10},
}

@online{mongodb,
    author      = {MongoDB},
    title       = {MongoDB},
    year        = 2015,
    url         = {https://www.mongodb.org/},
    urldate     = {2015-04-10},
}
